% incl/bib/articles.bib : referencer til artikler
% ------------------------------------------------------------------------------
@Manual{refa,
  title        = {A Brief History of Linear and Mixed-Integer Programming Computation},
  author       = {Robert E. Bixby},
  organization = {Documenta Mathematica},
  year         = {2012},
  note         = {\url{https://www.math.uni-bielefeld.de/documenta/vol-ismp/25_bixby-robert.pdf}}
}
%
@Manual{refb,
  title        = {On the History of the Shortest Path Problem},
  author       = {Alexander Schrijver},
  organization = {Documenta Mathematica},
  year         = {2012},
  note         = {\url{https://www.math.uni-bielefeld.de/documenta/vol-ismp/32_schrijver-alexander-sp.pdf}}
}
%