% books.bib : referencer til lærebøger
% ------------------------------------------------------------------------------

@Book{dmat,
  author    = {Kenneth H. Rosen},
  title     = {Discrete Mathematics and Its Applications},
  publisher = {McGraw-Hill},
  year      = {2013},
  edition   = {7th}
}

@Book{calc,
  author    = {C. Henry Edwards and David E. Penney},
  title     = {Calculus: Early Transcendentals},
  publisher = {Pearson},
  year      = {2014},
  edition   = {7th}
}
%
@Book{lial,
  author    = {L. Spence and A. Insel and S. Friedberg},
  title     = {Elementary Linear Algebra: A Matrix Approach},
  publisher = {Pearson},
  year      = {2014},
  edition   = {2nd}
}
%
@Book{lay,
  title     = {Linear Algebra an Its Applications},
  author    = {David C. Lay},
  publisher = {Pearson},
  year      = {2016},
  edition   = {3nd}
}
%
@Book{bert,
  title     = {Introduction to linear optimization},
  author    = {Dimitrix Bertsimas and John N. Tsitsiklis},
  publisher = {Publisher's Cataloging-in-Puplication Data},
  year      = {1997},
  edition   = {1nd}
}